@inproceedings{lim2005sensor,
  title={Sensor grid: integration of wireless sensor networks and the grid},
  author={Lim, Hock Beng and Teo, Yong Meng and Mukherjee, Protik and Lam, Vinh The and Wong, Weng Fai and See, Simon},
  booktitle={Local Computer Networks, 2005. 30th Anniversary. The IEEE Conference on},
  pages={91--99},
  year={2005},
  organization={IEEE}
}

@article{tham2005sensorgrid,
  title={SensorGrid: Integrating sensor networks and grid computing},
  author={Tham, Chen-Khong and Buyya, Rajkumar},
  journal={CSI communications},
  volume={29},
  number={1},
  pages={24--29},
  year={2005}
}
